%% This BibTeX bibliography file was created using BibDesk.
%% http://bibdesk.sourceforge.net/


%% Created for Andr√© Dias at 2013-06-07 14:09:39 +0100 


%% Saved with string encoding Unicode (UTF-8) 



@techreport{kn:Mat93,
	Author = {Manuel A. Matos},
	Institution = {Faculdade de Engenharia da Universidade do Porto},
	Month = {Maio},
	Title = {Normas para Apresenta{\c c}{\~a}o de Disserta{\c c}{\~o}es, Bases Essenciais},
	Year = {1993}}
